<?xml version="1.0" encoding="UTF-8"?>
<record xmlns="http://www.loc.gov/MARC21/slim" xmlns:xsi="http://www.w3.org/2001/XMLSchema-instance" xsi:schemaLocation="http://www.loc.gov/MARC21/slim http://www.loc.gov/standards/marcxml/schema/MARC21slim.xsd">
<leader>     cam a2200289 a 4500</leader>
<controlfield tag="001">001676510</controlfield>
<controlfield tag="003">NNU</controlfield>
<controlfield tag="005">20001218185421.0</controlfield>
<controlfield tag="008">910612s1957    le a     b    001 0 ara d</controlfield>
<datafield tag="010" ind1=" " ind2=" ">
<subfield code="a">ne 62000118</subfield>
</datafield>
<datafield tag="035" ind1="9" ind2=" ">
<subfield code="a">NYUb12219865</subfield>
</datafield>
<datafield tag="035" ind1=" " ind2=" ">
<subfield code="a">(CStRLIN)NYPG91-B39569</subfield>
</datafield>
<datafield tag="040" ind1=" " ind2=" ">
<subfield code="a">PSt</subfield>
<subfield code="c">PSt</subfield>
<subfield code="d">NN</subfield>
</datafield>
<datafield tag="043" ind1=" " ind2=" ">
<subfield code="a">a-le---</subfield>
</datafield>
<datafield tag="050" ind1="0" ind2=" ">
<subfield code="a">DS80.4</subfield>
<subfield code="b">.F85</subfield>
</datafield>
<datafield tag="100" ind1="1" ind2=" ">
<subfield code="a">Furayḥah, Anīs,</subfield>
<subfield code="d">1903-</subfield>
</datafield>
<datafield tag="245" ind1="1" ind2="0">
<subfield code="a">Ḥaḍārah fī ṭarīq al-zawāl :</subfield>
<subfield code="b">al-qaryah al-Lubnānīyah /</subfield>
<subfield code="c">Anīs Furayḥah.</subfield>
</datafield>
<datafield tag="260" ind1=" " ind2=" ">
<subfield code="a">Bayrūt :</subfield>
<subfield code="b">Jāmiʻat Bayrūt al-Amrīkīyah,</subfield>
<subfield code="c">1957.</subfield>
</datafield>
<datafield tag="300" ind1=" " ind2=" ">
<subfield code="a">6, 377 p. :</subfield>
<subfield code="b">ill. ;</subfield>
<subfield code="c">25 cm.</subfield>
</datafield>
<datafield tag="490" ind1="1" ind2=" ">
<subfield code="a">Jāmiʻat Bayrūt al-Amrīkīyah. Manshūrāt Kullīyat al-ʻUlūm wa-al-Ādāb. Silsilat al-ʻUlūm al-Sharqīyah ;</subfield>
<subfield code="v">al-ḥalqah 28</subfield>
</datafield>
<datafield tag="490" ind1="1" ind2=" ">
<subfield code="a">American University of Beirut. Faculty of Arts and Sciences. Publication. Oriental series ;</subfield>
<subfield code="v">no. 28</subfield>
</datafield>
<datafield tag="500" ind1=" " ind2=" ">
<subfield code="a">In Arabic.</subfield>
</datafield>
<datafield tag="651" ind1=" " ind2="0">
<subfield code="a">Lebanon</subfield>
<subfield code="x">Social life and customs.</subfield>
</datafield>
<datafield tag="830" ind1=" " ind2="0">
<subfield code="a">Publication of the Faculty of Arts and Sciences.</subfield>
<subfield code="p">Oriental series ;</subfield>
<subfield code="v">no. 28.</subfield>
</datafield>
<datafield tag="OWN" ind1=" " ind2=" ">
<subfield code="a">GENERAL</subfield>
</datafield>
<datafield tag="950" ind1=" " ind2=" ">
<subfield code="l">BMAIN</subfield>
<subfield code="a">PJ25</subfield>
<subfield code="b">.A6 no.28</subfield>
</datafield>
<datafield tag="955" ind1=" " ind2=" ">
<subfield code="l">BMAIN</subfield>
<subfield code="c">1</subfield>
<subfield code="r">028425463</subfield>
</datafield>
<datafield tag="987" ind1=" " ind2=" ">
<subfield code="a">match points : missing?</subfield>
</datafield>
<datafield tag="998" ind1=" " ind2=" ">
<subfield code="s">9115</subfield>
</datafield>
<datafield tag="AVA" ind1=" " ind2=" ">
<subfield code="a">NYU50</subfield>
<subfield code="b">BOBST</subfield>
<subfield code="c">Main Collection</subfield>
<subfield code="d">PJ25 .A6 no.28</subfield>
<subfield code="e">unavailable</subfield>
<subfield code="t">Unavailable</subfield>
<subfield code="f">1</subfield>
<subfield code="g">1</subfield>
<subfield code="h">N</subfield>
<subfield code="i">0</subfield>
<subfield code="j">MAIN</subfield>
<subfield code="k">0</subfield>
</datafield>
</record>
